@article{Yang2002,
author = {Yang, MH and Kriegman, D and Ahuja, Narendra},
file = {:C$\backslash$:/Users/Dancsi/AppData/Local/Mendeley Ltd./Mendeley Desktop/Downloaded/Yang, Kriegman, Ahuja - 2002 - Detecting faces in images A survey.pdf:pdf},
journal = {Pattern Analysis and \ldots},
number = {1},
pages = {34--58},
title = {{Detecting faces in images: A survey}},
url = {http://ieeexplore.ieee.org/xpls/abs\_all.jsp?arnumber=982883},
volume = {24},
year = {2002}
}
